@article{DBLP:journals/corr/abs-2101-08091,
  author     = {Henry Weld and
                Xiaoqi Huang and
                Siqi Long and
                Josiah Poon and
                Soyeon Caren Han},
  title      = {A survey of joint intent detection and slot-filling models in natural
                language understanding},
  journal    = {CoRR},
  volume     = {abs/2101.08091},
  year       = {2021},
  url        = {https://arxiv.org/abs/2101.08091},
  eprinttype = {arXiv},
  eprint     = {2101.08091},
  timestamp  = {Sat, 23 Jan 2021 17:57:49 +0100},
  biburl     = {https://dblp.org/rec/journals/corr/abs-2101-08091.bib},
  bibsource  = {dblp computer science bibliography, https://dblp.org}
}

@article{DBLP:journals/corr/VaswaniSPUJGKP17,
  author     = {Ashish Vaswani and
                Noam Shazeer and
                Niki Parmar and
                Jakob Uszkoreit and
                Llion Jones and
                Aidan N. Gomez and
                Lukasz Kaiser and
                Illia Polosukhin},
  title      = {Attention Is All You Need},
  journal    = {CoRR},
  volume     = {abs/1706.03762},
  year       = {2017},
  url        = {http://arxiv.org/abs/1706.03762},
  eprinttype = {arXiv},
  eprint     = {1706.03762},
  timestamp  = {Sat, 23 Jan 2021 01:20:40 +0100},
  biburl     = {https://dblp.org/rec/journals/corr/VaswaniSPUJGKP17.bib},
  bibsource  = {dblp computer science bibliography, https://dblp.org}
}

@misc{https://doi.org/10.48550/arxiv.1607.06450,
  doi = {10.48550/ARXIV.1607.06450},
  
  url = {https://arxiv.org/abs/1607.06450},
  
  author = {Ba, Jimmy Lei and Kiros, Jamie Ryan and Hinton, Geoffrey E.},
  
  keywords = {Machine Learning (stat.ML), Machine Learning (cs.LG), FOS: Computer and information sciences, FOS: Computer and information sciences},
  
  title = {Layer Normalization},
  
  publisher = {arXiv},
  
  year = {2016},
  
  copyright = {arXiv.org perpetual, non-exclusive license}
}
